@Article{bailey2006simultaneous,
  Title                    = {Simultaneous localization and mapping (SLAM): Part II},
  Author                   = {Bailey, Tim and Durrant-Whyte, Hugh},
  Journal                  = {IEEE Robotics \& Automation Magazine},
  Year                     = {2006},
  Number                   = {3},
  Pages                    = {108--117},
  Volume                   = {13},

  Owner                    = {richard},
  Timestamp                = {2015.03.25}
}

@Article{birk2006merging,
  Title                    = {Merging occupancy grid maps from multiple robots},
  Author                   = {Birk, Andreas and Carpin, Stefano},
  Journal                  = {Proceedings of the IEEE},
  Year                     = {2006},
  Number                   = {7},
  Pages                    = {1384--1397},
  Volume                   = {94},

  Owner                    = {richard},
  Publisher                = {IEEE},
  Timestamp                = {2015.03.25}
}

@Article{burgard2005coordinated,
  Title                    = {Coordinated multi-robot exploration},
  Author                   = {Burgard, Wolfram and Moors, Mark and Stachniss, Cyrill and Schneider, Frank E},
  Journal                  = {Robotics, IEEE Transactions on},
  Year                     = {2005},
  Number                   = {3},
  Pages                    = {376--386},
  Volume                   = {21},

  Owner                    = {richard},
  Publisher                = {IEEE},
  Timestamp                = {2015.03.25}
}

@Article{durrant2006simultaneous,
  Title                    = {Simultaneous localization and mapping: part I},
  Author                   = {Durrant-Whyte, Hugh and Bailey, Tim},
  Journal                  = {Robotics \& Automation Magazine, IEEE},
  Year                     = {2006},
  Number                   = {2},
  Pages                    = {99--110},
  Volume                   = {13},

  Owner                    = {richard},
  Publisher                = {IEEE},
  Timestamp                = {2015.03.25}
}

@InProceedings{fenwick2002cooperative,
  Title                    = {Cooperative concurrent mapping and localization},
  Author                   = {Fenwick, John W and Newman, Paul M and Leonard, John J},
  Booktitle                = {Robotics and Automation, 2002. Proceedings. ICRA'02. IEEE International Conference on},
  Year                     = {2002},
  Organization             = {IEEE},
  Pages                    = {1810--1817},
  Volume                   = {2},

  Owner                    = {richard},
  Timestamp                = {2015.03.25}
}

@Article{fox2006distributed,
  Title                    = {Distributed multirobot exploration and mapping},
  Author                   = {Fox, Dieter and Ko, Jonathan and Konolige, Kurt and Limketkai, Benson and Schulz, Dirk and Stewart, Benjamin},
  Journal                  = {Proceedings of the IEEE},
  Year                     = {2006},
  Number                   = {7},
  Pages                    = {1325--1339},
  Volume                   = {94},

  Owner                    = {richard},
  Publisher                = {IEEE},
  Timestamp                = {2015.03.25}
}

@Article{howard2006multi,
  Title                    = {Multi-robot simultaneous localization and mapping using particle filters},
  Author                   = {Howard, Andrew},
  Journal                  = {The International Journal of Robotics Research},
  Year                     = {2006},
  Number                   = {12},
  Pages                    = {1243--1256},
  Volume                   = {25},

  Owner                    = {richard},
  Publisher                = {SAGE Publications},
  Timestamp                = {2015.03.25}
}

@Misc{Radish,
  Title                    = {The Robotics Data Set Repository (Radish)},

  Author                   = {Andrew Howard and Nicholas Roy},
  Year                     = {2003},

  Owner                    = {richard},
  Timestamp                = {2015.03.24},
  Url                      = {http://radish.sourceforge.net/}
}

@Article{thrun2001probabilistic,
  Title                    = {A probabilistic on-line mapping algorithm for teams of mobile robots},
  Author                   = {Thrun, Sebastian},
  Journal                  = {The International Journal of Robotics Research},
  Year                     = {2001},
  Number                   = {5},
  Pages                    = {335--363},
  Volume                   = {20},

  Owner                    = {richard},
  Publisher                = {SAGE Publications},
  Timestamp                = {2015.03.25}
}
